 @book{RussellNorvig3,
    title		= {Artificial Intelligence: A Modern Approach},
    author		= {Stuart J. Russell and Peter Norvig},
    edition		= {3},
    publisher	= {Prentice Hall},
    year		= {2010},
    isbn		= {978-0136042594},
}

 @book{RussellNorvig4,
    title		= {Artificial Intelligence: A Modern Approach},
    author		= {Stuart J. Russell and Peter Norvig},
    edition		= {4},
    publisher	= {Pearson},
    year		= {2020},
    isbn		= {978-0123821881},
}

 @book{Recipes,
    title		= {Numerical Recipes: The Art of Scientific Computing},
    author		= {William H. Press and Saul A. Teukolsky and William T. Vetterling and Brian P. Flannery},
    edition		= {3},
    publisher	= {Cambridge University Press},
    year		= {2007},
    isbn		= {978-0521880688},
}

 @book{MRS,
    title		= {Neural Networks: An Introduction},
    author		= {Berndt Müller and Joachim Reinhardt and Michael T. Strickland},
    edition		= {2},
    publisher	= {Springer-Verlag},
    year		= {1995},
    isbn		= {978-3540602071},
}

 @book{DayanAbbott,
    title		= {Theoretical Neuroscience: Computational and Mathematical Modeling of Neural Systems},
    author		= {Peter Dayan and L. F. Abbott},
    edition		= {1},
    publisher	= {The MIT Press},
    year		= {2005},
    isbn		= {978-0262541855},
}

 @book{Geron1,
    title		= {Hands-on Machine Learning with Scikit-Learn, Keras \& TensorFlow},
    author		= {Aurélien Géron},
    edition		= {1},
    publisher	= {O'Reilly Media},
    year		= {2017},
    isbn		= {978-1491962299},
}

 @book{Geron2,
    title		= {Hands-on Machine Learning with Scikit-Learn, Keras \& TensorFlow},
    author		= {Aurélien Géron},
    edition		= {2},
    publisher	= {O'Reilly Media},
    year		= {2019},
    isbn		= {978-1492032649},
}

 @article{Lin,
    author		= {Shen Lin},
    title		= {Computer Solutions of the Traveling Salesman Problem},
    journal		= {The Bell System Technical Journal},
    volume		= {44},
    number		= {10},
    pages		= {2245--2269},
    month		= {12},
    year		= {1965},
    doi		= {10.1002/j.1538-7305.1965.tb04146.x},
}

 @article{Sejnowski,
    author		= {Terrence J. Sejnowski and Paul K. Kienker and Geoffrey E. Hinton},
    title		= {Learning Symmetry Groups with Hidden Units: Beyond the Perceptron},
    journal		= {Physica},
    volume		= {D},
    number		= {22},
    pages		= {260--275},
    publisher	= {Elsevier Science Publishers B. V.},
    month		= {10},
    year		= {1986},
    %url		= {https://papers.cnl.salk.edu/PDFs/Learning%20Symmetry%20Groups%20with%20Hidden%20Units_%20Beyond%20the%20Perceptron%201986-3236.pdf},
}

 @article{Swish,
    author		= {Prajit Ramachandran and Barret Zoph and Quoc Le},
    title		= {Searching for Activation Functions},
    journal		= {arXiv e-prints},
    month		= {10},
    year		= {2017},
    eprint		= {1710.05941v2},
    archivePrefix	= {arXiv},
    primaryClass	= {cs.NE},
}

 @article{Mish,
    author		= {Diganta Misra},
    title		= {Mish: A Self Regularized Non-Monotonic Activation Function},
    journal		= {arXiv e-prints},
    month		= {8},
    year		= {2020},
    eprint		= {1908.08681v3},
    archivePrefix	= {arXiv},
    primaryClass	= {cs.LG},
}

 @incollection{Amarel,
    author		= {Saul Amarel},
    title		= {On Representations of Problems of Reasoning about Actions},
    booktitle	= {Machine Intelligence 3},
    pages		= {131--171},
    publisher	= {American Elsevier Publisher},
    year		= {1968},%8march
    editor		= {Donald Michie},
    %isbn		= {ISBN 0-934613-03-6},
    doi		= {10.1016/B978-0-934613-03-3.50006-4},
}

 @report{Williams,
    author		= {Ronald J. Williams},
    title		= {Reinforcement-learning in Connectionist Networks: A Mathematical Analysis},
    institution	= {Institute for Cognitive Science, University of California, San Diego},
    number		= {8605},
    year		= {1986},
}

 @misc{Compeau,
    author		= {Phillip Compeau},
    title		= {02-251: Great Ideas in Computational Biology Notes on Neural Networks},
    institution	= {Carnegie Mellon University},
    year		= {2019},
    url			= {https://www.cs.cmu.edu/~02251/lectures/neural_nets.pdf},
}

 @online{TestRNG,
    author		= {Dan Biebighauser},
    title		= {Testing Random Number Generators},
    institution	= {University of Minnesota, Twin Cities},
    year		= {2000},
    url			= {http://www-users.math.umn.edu/~garrett/students/reu/pRNGs.pdf},
}

 @online{PDFblacklistURL,
    url			= {https://www.adobe.com/devnet-docs/acrobatetk/tools/AppSec/attachments.html?highlight=blacklist},
}

 @online{aimaPythonURL,
    url			= {https://github.com/aimacode/aima-python},
}

 @online{GeronURL,
    url			= {https://github.com/ageron/handson-ml2},
}

 @online{15PuzzleURL,
    url			= {https://www.geeksforgeeks.org/check-instance-15-puzzle-solvable/},
}

 @online{8PuzzleURL,
    url			= {https://deniz.co/8-puzzle-solver/},
}

 @online{8QueensURL,
    url			= {https://en.wikipedia.org/wiki/Eight_queens_puzzle},
}

 @online{pipURL,
    url			= {https://pip.pypa.io/en/stable/},
}

 @online{geneticalgorithmURL,
    url			= {https://pypi.org/project/geneticalgorithm/},
}

 @online{TravelingSalesmanProblemURL,
    url			= {https://towardsdatascience.com/evolution-of-a-salesman-a-complete-genetic-algorithm-tutorial-for-python-6fe5d2b3ca35},
}

 @online{AutocorrelationURL,
    url			= {https://machinelearningmastery.com/gentle-introduction-autocorrelation-partial-autocorrelation/},
}

 @online{TensorFlowURL,
    url			= {https://www.tensorflow.org/install},
}

 @online{TensorFlowAnacondaURL,
    url			= {https://docs.anaconda.com/anaconda/user-guide/tasks/tensorflow/},
}

 @online{MomentumURL,
    url			= {https://distill.pub/2017/momentum/},
}

 @online{PyTorchURL,
    url			= {https://pytorch.org/get-started/locally/},
}

 @online{GoURL,
    url			= {https://en.wikipedia.org/wiki/Go_(game)},
}

 @online{GoRulesURL,
    url			= {https://en.wikipedia.org/wiki/Rules_of_Go},
}

 @online{SenseiURL,
    url			= {https://senseis.xmp.net/},
}

 @online{MCTSURL,
    url			= {https://medium.com/@quasimik/monte-carlo-tree-search-applied-to-letterpress-34f41c86e238},
}

 @online{DOSBoxURL,
    url			= {https://www.dosbox.com/},
}


